@software{ok,
  author = {{Cloud Computing and Distributed Systems (CLOUDS) Laboratory}},
  title = {Cloudsim},
  url = {http://www.cloudbus.org/cloudsim/},
  version = {3.0.3}
}
